@BOOK{
    THE_DESIGN_OF_EVERYDAY_THINGS:1,
    AUTHOR="{Don Norman}",
    TITLE="{The Design of Everyday Things}",
    PUBLISHER="{Basic Books}",
    YEAR="{2013}",
    EDITION="{Revised \& Expanded}"
}

@BOOK{
    DESIGNING_THE_USER_INTERFACE:2,
    AUTHOR="{B. Shneiderman, C. Plaisant, M. Cohen, S. Jacobs, N. Elmqvist, and N. Diakopoulos}",
    TITLE="{Designing the User Interface: Strategies for Effective Human-Computer Interaction}",
    PUBLISHER="{Pearson Education Limited}",
    YEAR="{2018}",
    EDITION="{Sixth}"
}

@MISC{
    USABILITY.GOV:3,
	HOWPUBLISHED = "\url{https://www.usability.gov/how-to-and-tools/methods/personas.html}",
	AUTHOR = "{Usability.gov}",
	TITLE = "{Personas}",
	MONTH = "October",
	YEAR = "{2019}",
	NOTE = "{Accessed on 2019-10-27}"
}

@MISC{
    PEXELS_MALE_PERSONA:4,
	HOWPUBLISHED = "\url{https://www.pexels.com/photo/adult-beard-boy-casual-220453/}",
	AUTHOR = "{Pexels}",
	TITLE = "{Man Smiling Behind Wall}",
	MONTH = "November",
	YEAR = "{2016}",
	NOTE = "{Accessed on 2019-10-27}"
}

@MISC{
    PEXELS_FEMALE_PERSONA:4,
	HOWPUBLISHED = "\url{https://www.pexels.com/photo/women-s-white-and-black-button-up-collared-shirt-774909/}",
	AUTHOR = "{Pexels: The best free stock photos \& videos shared by talented creators.}",
	TITLE = "{Woman In Collared Shirt}",
	MONTH = "January",
	YEAR = "{2018}",
	NOTE = "{Accessed on 2019-10-27}"
}

@MISC{
    LUCID_CHART:5,
	HOWPUBLISHED = "\url{https://www.lucidchart.com/pages/?noHomepageRedirect=true}",
	AUTHOR = "{Lucidchart}",
	TITLE = "{Lucidchart: Online Diagram Software \& Visual Solution}",
	MONTH = "",
	YEAR = "{2019}",
	NOTE = "{Accessed on 2019-10-27}"
}
