@BOOK{
    THE_DESIGN_OF_EVERYDAY_THINGS:0,
    AUTHOR="{Don Norman}",
    TITLE="{The Design of Everyday Things}",
    PUBLISHER="{Basic Books}",
    YEAR="{2013}",
    EDITION="{Revised \& Expanded}"
}

@MISC{
    BALSAMIQ_MOCKUPS_3:1,
	HOWPUBLISHED = "\url{https://balsamiq.com}",
	AUTHOR = "{Balsamiq}",
	TITLE = "{Balsamiq, Rapid, effective and fun wireframing software.}",
	MONTH = "",
	YEAR = "{2019}",
	NOTE = "{Accessed on 2019-11-14}"
}

@MISC{
    LUCID_CHART:2,
	HOWPUBLISHED = "\url{https://www.lucidchart.com/pages/?noHomepageRedirect=true}",
	AUTHOR = "{Lucidchart}",
	TITLE = "{Lucidchart: Online Diagram Software \& Visual Solution}",
	MONTH = "",
	YEAR = "{2019}",
	NOTE = "{Accessed on 2019-11-14}"
}

@MISC{
    QT:3,
	HOWPUBLISHED = "\url{https://doc.qt.io/qt-5/}",
	AUTHOR = "{Qt}",
	TITLE = "{Qt: The Qt Company}",
	MONTH = "",
	YEAR = "{2019}",
	NOTE = "{Accessed on 2019-11-14}"
}

@MISC{
    ZETCODE:4,
	HOWPUBLISHED = "\url{http://zetcode.com/gui/pyqt5/}",
	AUTHOR = "{Jan Bodnar}",
	TITLE = "{PyQt5 tutorial}",
	MONTH = "January",
	YEAR = "{2018}",
	NOTE = "{Accessed on 2019-11-14}"
}

@MISC{
    PYTHONSPOT:5,
	HOWPUBLISHED = "\url{https://pythonspot.com/pyqt5/}",
	AUTHOR = "{Pythonspot}",
	TITLE = "{PyQT5}",
	MONTH = "",
	YEAR = "{}",
	NOTE = "{Accessed on 2019-11-14}"
}

@BOOK{
    DESIGNING_THE_USER_INTERFACE:6,
    AUTHOR="{B. Shneiderman, C. Plaisant, M. Cohen, S. Jacobs, N. Elmqvist, and N. Diakopoulos}",
    TITLE="{Designing the User Interface: Strategies for Effective Human-Computer Interaction}",
    PUBLISHER="{Pearson Education Limited}",
    YEAR="{2013}",
    EDITION="{Sixth}"
}

@MISC{
    MATERIAL:7,
	HOWPUBLISHED = "\url{https://material.io/}",
	AUTHOR = "{Google}",
	TITLE = "{Material Design}",
	MONTH = "",
	YEAR = "{}",
	NOTE = "{Accessed on 2019-11-14}"
}
