\renewcommand{\bibname}{Project Resources}

@INBOOK{
    THE_DESIGN_OF_EVERYDAY_THINGS:1,
    AUTHOR="Don Norman",
    TITLE="The Design of Everyday Things",
    PUBLISHER="Basic Books",
    YEAR="2013",
    PAGES="{1-73}",
    EDITION="{Revised \& Expanded}"
}

@INBOOK{
    DESIGNING_THE_USER_INTERFACE:2,
    AUTHOR="B. Shneiderman, C. Plaisant, M. Cohen, S. Jacobs, N. Elmqvist, and N. Diakopoulos",
    TITLE="Designing the User Interface: Strategies for Effective Human-Computer Interaction",
    PUBLISHER="Pearson Education Limited",
    YEAR="2013",
    PAGES="{26-204}",
    EDITION="{Sixth}"
}

@MISC{
    THE_PYTHON_STANDARD_LIBRARY:3,
	HOWPUBLISHED = "\url{https://docs.python.org/3.8/library/index.html}",
	AUTHOR = "{Python Software Foundation}",
	TITLE = "{The Python Standard Library}",
	MONTH = "",
	YEAR = "{2019}",
	NOTE = "{Accessed on 2019-10-18}"
}

@MISC{
    MATPLOTLIB:4,
	HOWPUBLISHED = "\url{https://matplotlib.org}",
	AUTHOR = "{Matplotlib}",
	TITLE = "{Matplotlib: Python Plotting}",
	MONTH = "",
	YEAR = "{2018}",
	NOTE = "{Accessed on 2019-10-13}"
}

@MISC{
    MINT:5,
	HOWPUBLISHED = "\url{https://www.mint.com}",
	AUTHOR = "{Intuit, Inc.}",
	TITLE = "{Mint: Budget Tracker and Planner}",
	MONTH = "",
	YEAR = "{2019}",
	NOTE = "{Accessed on 2019-10-18}"
}

@MISC{
    USAA:6,
	HOWPUBLISHED = "\url{https://www.usaa.com}",
	AUTHOR = "{USAA}",
	TITLE = "{USAA: Insurance, Banking, Investments \& Retirement}",
	MONTH = "",
	YEAR = "{2019}",
	NOTE = "{Accessed on 2019-10-18}"
}

@MISC{
    WELLS_FARGO:7,
	HOWPUBLISHED = "\url{https://www.wellsfargo.com}",
	AUTHOR = "{Wells Fargo}",
	TITLE = "{Wells Fargo: Banking, Credit Cards, Loans, Mortgages \& More}",
	MONTH = "",
	YEAR = "{2019}",
	NOTE = "{Accessed on 2019-10-18}"
}

@INBOOK{
    PYTHON_CRASH_COURSE:8,
    AUTHOR="Eric Matthes",
    TITLE="Python Crash Course: A Hands-On, Project-Based Introduction to Programming",
    PUBLISHER="No Starch Press",
    YEAR="2016",
    PAGES="{321-375}",
}

@INBOOK{
    STARTING_OUT_WITH_PYTHON:9,
    AUTHOR="Tony Gaddis",
    TITLE="Starting Out with Python",
    PUBLISHER="Pearson Education Limited",
    YEAR="2019",
    PAGES="{405-421, 619-673}",
    EDITION="{Fourth}"
}

@INBOOK{
    PYTHON_AUTOMATE_THE_BORING_STUFF:10,
    AUTHOR="Albert Sweigart",
    TITLE="Automate the Boring Stuff with Python: Practical Programming for Total Beginners",
    PUBLISHER="No Starch Press",
    YEAR="2015",
    PAGES="{304-346}",
}